@article{Ref1,
    author={吴兢},
    title={肱骨干骨折的手术治疗},
    year={2019}
}

@article{Ref2,
    title={加速康复外科护理理念在肱骨干骨折患者中的应用分析},
    Author={石加菊;陈静;揭亚丽;梁子聪},
    year={2019}
}

@misc{ wiki,
    author = "{Wikipedia contributors}",
    title = "Electrical muscle stimulation --- {Wikipedia}{,} The Free Encyclopedia",
    year = "2019",
    url = "https://en.wikipedia.org/w/index.php?title=Electrical_muscle_stimulation&oldid=931075732",
    note = "[Online; accessed 18-December-2019]"
}